@article{electromagnetism-like,
    author={Birbil S. I., S. C. Fang.},
    journal = {Journal of Global Optimization},
    pages = {263--282},
    priority = {0},
    title={{An electromagnetism-like mechanism for global optimization}},
    volume = {25},
    year = {2003}
}

@article{UMAHLP,
    author={Filipović V.},
    journal = {Serdica Journal of Computing},
    pages = {261--272},
    priority = {0},
    title={{An electromagnetism metaheuristic for the uncapacitated multiple allocation hub location problem}},
    volume = {5},
    year = {2011}
}

@misc{optimizacija,
title={Ukratko o optimizaciji},
note={on-line at: \small{\url{http://poincare.matf.bg.ac.rs/~kartelj/nastava/RI2019/04.Optimizacija.ukratko.pdf}}},
author = {Aleksandar Kartelj},
year = {2019}
}

@article{formulation-UMAHLP,
    author={Campbell J. F.},
    journal = {European Journal of Operational Research},
    pages = {387--405},
    priority = {0},
    title={{Integer programming formulations of discrete hub location problems}},
    volume = {72},
    year = {1994}
}
@article{kan-timer,
    author={Kan, A. H. G. R., Timmer, G. T},
    journal = {Mathematical programming},
    pages = {57--78},
    priority = {0},
    title={{Stochastic global optimization methods Part II: Multilevel methods}},
    volume = {39},
    year = {1987}
}

@article{kriterijumi,
    author={Törn, A., Ali, M. M. and Viitanen, S.},
    journal = {Journal of Global Optimization},
    pages = {437--447},
    priority = {0},
    title={{Stochastic global optimization: Problem classes and solution techniques}},
    volume = {14},
    year = {1999}
}

@article{kartelj,
    author={Aleksandar Kartelj},
    journal = {Journal of Mult.-Valued Logic & Soft Computing},
    pages = {1--19},
    priority = {0},
    title={{An Improved Electromagnetism-like Method for Feature Selection}},
    volume = {0},
    year = {2015}
}

@article{flojd-warsall,
    author={Ernst A. T., M. Krishnamoorty},
    journal = {INFORMS Journal of Computing},
    pages = {149--162},
    priority = {0},
    title={{An exact solution approach based on shortest-paths for p-hub median problem}},
    volume = {10},
    year = {1998}
}

@book{computational-intelligence,
  title={{Computational intelligence - An introduction}},
  author={Engelbrecht Andries},
  year={2007},
  publisher={John Willey \& Sons},
}
